<?xml version="1.0" encoding="UTF-8"?><record xmlns="http://www.loc.gov/MARC21/slim" xmlns:cinclude="http://apache.org/cocoon/include/1.0" xmlns:zs="http://www.loc.gov/zing/srw/">
  <leader>00407nz  a2200121n  4500</leader>
  <controlfield tag="001">n 2009203950</controlfield>
  <controlfield tag="003">DLC</controlfield>
  <controlfield tag="005">20100303074838.0</controlfield>
  <controlfield tag="008">100205n| acannaabn          |n ana      </controlfield>
  <datafield tag="010" ind1=" " ind2=" ">
    <subfield code="a">n 2009203950</subfield>
  </datafield>
  <datafield tag="040" ind1=" " ind2=" ">
    <subfield code="a">DLC</subfield>
    <subfield code="b">eng</subfield>
    <subfield code="c">DLC</subfield>
  </datafield>
  <datafield tag="110" ind1="2" ind2=" ">
    <subfield code="a">Partai Keadilan Sejahtera.</subfield>
    <subfield code="b">Dewan Pimpinan Pusat.</subfield>
    <subfield code="b">Bidang Pembinaan Kader</subfield>
  </datafield>
  <datafield tag="670" ind1=" " ind2=" ">
    <subfield code="a">Seri taujihat pekanan kader PK Sejahtera, 2009:</subfield>
    <subfield code="b">v. 1, t.p. (Bidang Pembinaan Kader DPP PKS)</subfield>
  </datafield>
</record>